% This file was created with JabRef 2.7.2.
% Encoding: Cp1252

@INPROCEEDINGS{Cardelli-1997,
  author = {Cardelli, Luca},
  title = {Program fragments, linking, and modularization},
  booktitle = {Proceedings of the 24th ACM {SIGPLAN-SIGACT} symposium on principles
	of programming languages},
  year = {1997},
  series = {POPL '97},
  pages = {266--277},
  address = {New York, NY, USA},
  publisher = {ACM},
  acmid = {263735},
  doi = {http://doi.acm.org/10.1145/263699.263735},
  isbn = {0-89791-853-3},
  location = {Paris, France},
  numpages = {12},
  url = {http://doi.acm.org/10.1145/263699.263735}
}

@ARTICLE{Cardelli-1985,
  author = {Cardelli, Luca and Wegner, Peter},
  title = {On understanding types, data abstraction, and polymorphism},
  journal = {ACM Comput. Surv.},
  year = {1985},
  volume = {17},
  pages = {471--523},
  month = {December},
  acmid = {6042},
  address = {New York, NY, USA},
  doi = {http://doi.acm.org/10.1145/6041.6042},
  issn = {0360-0300},
  issue = {4},
  numpages = {53},
  publisher = {ACM},
  url = {http://doi.acm.org/10.1145/6041.6042}
}

