% This file was created with JabRef 2.7b.
% Encoding: Cp1252

@INPROCEEDINGS{canetti-1999,
  author = {Canetti, R. and Garay, J. and Itkis, G. and Micciancio, D. and Naor,
	M. and Pinkas, B.},
  title = {Multicast security: a taxonomy and some efficient constructions},
  booktitle = {INFOCOM '99. Eighteenth Annual Joint Conference of the IEEE Computer
	and Communications Societies. Proceedings. IEEE},
  year = {1999},
  volume = {2},
  pages = {708 -716 vol.2},
  month = {mar},
  doi = {10.1109/INFCOM.1999.751457},
  keywords = {Internet;digital signatures;key revocation;message authentication
	codes;multicast communication;multicast security;security protocols;source
	authentication;Internet;message authentication;multicast communication;protocols;telecommunication
	security;}
}

@ARTICLE{lenstra-verheul-2001,
  author = {Lenstra, Arjen K. and Verheul, Eric R.},
  title = {Selecting Cryptographic Key Sizes},
  journal = {Journal of Cryptology},
  year = {2001},
  volume = {14},
  pages = {255-293},
  note = {10.1007/s00145-001-0009-4},
  affiliation = {Citibank, N.A., 1 North Gate Road, Mendham, NJ 07945-3104, U.S.A.
	arjen.lenstra@citicorp.com and Technische Universiteit Eindhoven
	US},
  issn = {0933-2790},
  issue = {4},
  keyword = {Computer Science},
  publisher = {Springer New York},
  url = {http://dx.doi.org/10.1007/s00145-001-0009-4}
}

@INPROCEEDINGS{Li01nonmonotonicity,
  author = {Ninghui Li and Joan Feigenbaum},
  title = {Nonmonotonicity, User Interfaces, and Risk Assessment in Certificate
	Revocation},
  booktitle = {Proceedings of the 5th International Conference on Financial Cryptography
	(FCâ€™01},
  year = {2001},
  pages = {166--177},
  publisher = {Springer-Verlag}
}

@INPROCEEDINGS{liu-smith-component-security-2002,
  author = {Yu David Liu and Scott F. Smith},
  title = {A Component Security Infrastructure},
  booktitle = {FCS '02: Proceedings of the 2002 conference on Foundations of Computer
	Security},
  year = {2002},
  month = {July},
  location = {Copenhagen, Denmark}
}

@MISC{pierce-sumii-2000,
  author = {Benjamin Pierce and Eijiro Sumii},
  title = {Relating Cryptography and Polymorphism},
  year = {2000},
  url = {citeseer.ist.psu.edu/pierce00relating.html}
}

@INPROCEEDINGS{Rivest:1998:WEC:647502.728327,
  author = {Rivest, Ronald L.},
  title = {Can We Eliminate Certificate Revocations Lists?},
  booktitle = {Proceedings of the Second International Conference on Financial Cryptography},
  year = {1998},
  pages = {178--183},
  address = {London, UK},
  publisher = {Springer-Verlag},
  acmid = {728327},
  isbn = {3-540-64951-4},
  numpages = {6},
  url = {http://dl.acm.org/citation.cfm?id=647502.728327}
}

@ARTICLE{rogaway-ocb-2003,
  author = {Phillip Rogaway and Mihir Bellare and John Black},
  title = {OCB: A Block-Cipher Mode of Operation for Efficient Authenticated
	Encryption},
  journal = {ACM Transactions on Information and System Security},
  year = {2003},
  volume = {6},
  pages = {365--403},
  number = {3},
  month = {August}
}

@ARTICLE{sumii-pierce-2003,
  author = {Eijiro Sumii and Benjamin C. Pierce},
  title = {Logical relation for encryption},
  journal = {Journal of Computer Security},
  year = {2003},
  volume = {11},
  pages = {521--554},
  number = {4},
  address = {Amsterdam, The Netherlands, The Netherlands},
  issn = {0926-227X},
  publisher = {IOS Press}
}

